@misc{王唯融2017一种,
  title={一种Linux操作系统发行版本判断的方法及系统},
  author={王唯融},
  year={2017},
}