@misc{王唯融2017一种,
  title={一种Linux操作系统发行版本判断的方法及系统},
  author={王唯融},
  year={2017},
}

@misc{ACheritat,
howpublished = {[EB/OL]},
note = {\url{https://www.math.univ-toulouse.fr/~cheritat/wiki-draw/index.php/Mandelbrot_set} Accessed June 29, 2022},
title = {Mandelbrot set},
author = {Arnaud Cheritat}
}

@misc{Julia,
howpublished = {website},
note = {\url{https://complex-analysis.com/content/julia_set.html} },
title = {The Julia Set},
author = {Julia}
}